<record><leader>00000cas a22000007a 4500</leader><controlfield tag="001">12892643</controlfield><controlfield tag="008">851211d18101811nyuwr ne      0    0eng d</controlfield><datafield ind1=" " ind2=" " tag="010"><subfield code="a">sn 85027018 </subfield></datafield><datafield ind1=" " ind2=" " tag="040"><subfield code="a">NPX</subfield><subfield code="b">eng</subfield><subfield code="c">NPX</subfield><subfield code="d">NPU</subfield><subfield code="d">NYS</subfield><subfield code="d">MGN</subfield><subfield code="d">OCL</subfield><subfield code="d">AQM</subfield><subfield code="d">OCLCQ</subfield><subfield code="d">OCLCF</subfield><subfield code="d">OCLCO</subfield></datafield><datafield ind1=" " ind2=" " tag="019"><subfield code="a">192111364</subfield></datafield><datafield ind1="1" ind2=" " tag="029"><subfield code="a">AU@</subfield><subfield code="b">000020124904</subfield></datafield><datafield ind1=" " ind2=" " tag="042"><subfield code="a">msc</subfield></datafield><datafield ind1=" " ind2=" " tag="043"><subfield code="a">n-us-ny</subfield></datafield><datafield ind1="0" ind2=" " tag="130"><subfield code="a">Advertiser (Ballston Spa, N.Y. : 1810)</subfield></datafield><datafield ind1="1" ind2="4" tag="245"><subfield code="a">The advertiser.</subfield></datafield><datafield ind1=" " ind2=" " tag="260"><subfield code="a">Ballston Spa, N.Y. :</subfield><subfield code="b">Printed by Brown &amp; Miller,</subfield><subfield code="c">1810-1811.</subfield></datafield><datafield ind1=" " ind2=" " tag="300"><subfield code="a">2 v.</subfield></datafield><datafield ind1=" " ind2=" " tag="310"><subfield code="a">Weekly</subfield></datafield><datafield ind1="0" ind2=" " tag="362"><subfield code="a">Vol. 6, no. 31 (June 5, 1810)-v. 7, no. 52 (Oct. 29, 1811).</subfield></datafield><datafield ind1=" " ind2=" " tag="500"><subfield code="a">Imprint varies: Printed by S. Brown, 1810-1811; Printed by J. Miller for S. Brown, 1811.</subfield></datafield><datafield ind1="4" ind2=" " tag="510"><subfield code="a">Brigham, C.S. Amer. newspapers,</subfield><subfield code="c">p. 548</subfield></datafield><datafield ind1=" " ind2="0" tag="651"><subfield code="a">Ballston Spa (N.Y.)</subfield><subfield code="v">Newspapers.</subfield></datafield><datafield ind1=" " ind2="7" tag="655"><subfield code="a">Newspapers.</subfield><subfield code="2">rbgenr</subfield></datafield><datafield ind1=" " ind2="7" tag="655"><subfield code="a">Newspapers.</subfield><subfield code="2">fast</subfield><subfield code="0">(OCoLC)fst01423814</subfield></datafield><datafield ind1=" " ind2="7" tag="651"><subfield code="a">New York (State)</subfield><subfield code="z">Ballston Spa.</subfield><subfield code="2">fast</subfield><subfield code="0">(OCoLC)fst01220520</subfield></datafield><datafield ind1=" " ind2=" " tag="752"><subfield code="a">United States</subfield><subfield code="b">New York</subfield><subfield code="c">Saratoga</subfield><subfield code="d">Ballston Spa.</subfield></datafield><datafield ind1="0" ind2="0" tag="780"><subfield code="t">Aurora borealis; and, Saratoga advertiser</subfield><subfield code="w">(DLC)sn 85027017</subfield></datafield><datafield ind1="0" ind2="0" tag="785"><subfield code="t">Saratoga advertiser (Ballston Spa, N.Y. : 1811)</subfield><subfield code="w">(DLC)sn 85027016</subfield></datafield></record>